@article{blum1981coin,
  title={Coin Flipping per Telephon: A Protocol for Solving Problems Impossible},
  author={Blum, Manuel},
  journal={SIGACT News},
  volume={15},
  pages={23--27},
  year={1981}
}

@article{bennett2014quantum,
  title={Quantum cryptography: public key distribution and coin tossing.},
  author={Bennett, Charles H and Brassard, Gilles},
  journal={Theor. Comput. Sci.},
  volume={560},
  number={12},
  pages={7--11},
  year={2014}
}

% definition of zero-knowledge proofs
@article{goldwasser1989knowledge,
  title={The knowledge complexity of interactive proof systems},
  author={Goldwasser, Shafi and Micali, Silvio and Rackoff, Charles},
  journal={SIAM Journal on computing},
  volume={18},
  number={1},
  pages={186--208},
  year={1989},
  publisher={SIAM}
}