
% Post-Quantum Cryptography
@article{bernstein2017post,
  title={Post-quantum cryptography-dealing with the fallout of physics success.},
  author={Bernstein, Daniel J and Lange, Tanja},
  journal={IACR Cryptology ePrint Archive},
  volume={2017},
  pages={314},
  year={2017}
}
@article{blum1981coin,
  title={Coin Flipping per Telephone: A Protocol for Solving Problems Impossible},
  author={Blum, Manuel},
  journal={SIGACT News},
  volume={15},
  pages={23--27},
  year={1981}
}

@article{bennett2014quantum,
  title={Quantum cryptography: public key distribution and coin tossing.},
  author={Bennett, Charles H and Brassard, Gilles},
  journal={Theor. Comput. Sci.},
  volume={560},
  number={12},
  pages={7--11},
  year={2014}
}
